@misc{table,
  title = "The Importance of Algorithms",
  cited = "2017.05.04",
  url = "https://www.topcoder.com/community/data-science/data-science-tutorials/the-importance-of-algorithms/",
}

@misc{wiki,
  author = "Wikipedia",
  title = "Algorithm",
  revised = "2017.05.03",
  cited = "2017.05.04",
  url = "https://en.wikipedia.org/wiki/Algorithm",
}

@misc{example,
  author = "Berthe Y. Choueiry",
  title = "algo\_example",
  revised = "2010.11.05",
  cited = "2017.05.04",
  url = "http://cse.unl.edu/~choueiry/F10-235/files/algo_example.tex",
}

@misc{statistics,
  author = "Sai Prasanna",
  title = "What are some interesting facts about algorithms?",
  revised = "2014.07.11",
  cited = "2017.05.04",
  url = "https://www.quora.com/What-are-some-interesting-facts-about-algorithms",
}




