@Misc{quotation:web,
  author = "Norbert Slivka",
  title = "Porovnanie programovacích jazykov",
  howpublished = "online",
  cited = "!2014-04-16",
  url = "http://www.gjgt.sk/digitalna_studovna/informatika/2013/15.pdf",
}

@Misc{List:Wiki,
  author = "Wikipedia",
  title = "List of programming languages",
  howpublished = "online",
  revised = "rev. 11. apríla 2017",
  cited = "!2017-04-14",
  url = "https://en.wikipedia.org/wiki/List_of_programming_languages",
}

@Book{Generation:Book,
  author = "Kedar, S. and Thakare, S.",
  title = "Principles of Programming Languages",
  publisher = "Technical Publications",
  year = "2009",
  edition = "4",
  address = "Pune",
  isbn = "9788184315776",
}

@Inproceedings{Dynamic:Book,
  author = "Shields, Mark and Sheard, Tim and Peyton Jones, Simon",
  title = "Dynamic Typing As Staged Type Inference",
  booktitle = "Proceedings of the 25th ACM SIGPLAN-SIGACT Symposium on Principles of Programming Languages",
  pages = "289--302",
  series = "POPL '98",
  address = "New York, NY, USA",
  publisher = "ACM",
  year = "1998",
  isbn = "0-89791-979-3",
}

@Book{Introduction:Book,
  author= "Bansal, A.K.",
  title= "Introduction to Programming Languages",
  publisher= "Taylor \& Francis",
  year= "2013",
  address= "Boca Raton, Florida",
  edition= "ilustrované vydanie",
  isbn= "9781466565142",
}

@Article{C:Journal,
  author= "Ryan, R. R. and Spiller, H.",
  title= "The C Programming Language and a C Compiler",
  journal= "IBM Syst. J.",
  year= "1985",
  number= "1",
  volume= "24",
  pages= "37--48",
  issn= "0018-8670",
}

@Article{Motivation:article,
 author = "Curzon, Paul and Rix, Janet",
 title = "Why Do Students Take Programming Modules?",
 journal = "SIGCSE Bull.",
 volume = "30",
 number = "3",
 year = "1998",
 issn = "0097-8418",
 pages = "59--63",
} 

@Misc{ANSI:web,
  author = "Vineet Choudhary",
  title = "C Programming Language Version History",
  howpublished = "online",
  cited = "!2014-04-15",
  url = "http://www.developerinsider.in/c-programming-language-version-history",
}

@MasterThesis{Master:tesis,
  author = "Patrick Camphuijsen",
  title = "Soft typing and analyses on PHP programs",
  school = "Universiteit Utrecht",
  address = "Utrecht",
  year = "2007",
}

@MasterThesis{Master1:tesis,
  author = "Frank Westland",
  title = "Teaching Strategies for Programming Languages",
  school = "Tilburg University",
  address = "Tilburg",
  year = "2013",
  url = "http://arno.uvt.nl/show.cgi?fid=132016",
}




